@book{brenner2007mathematical,
  title={The mathematical theory of finite element methods},
  author={Brenner, Susanne and Scott, Ridgway},
  volume={15},
  year={2007},
  publisher={Springer Science \& Business Media}
}
@book{girault2012finite,
  title={Finite element methods for Navier-Stokes equations: theory and algorithms},
  author={Girault, Vivette and Raviart, Pierre-Arnaud},
  volume={5},
  year={2012},
  publisher={Springer Science \& Business Media}
}

